<record><leader>00000cas a22000007a 4500</leader><controlfield tag="001">8943283</controlfield><controlfield tag="008">821110c19uu9999mouqr ne      0   a0eng d</controlfield><datafield ind1=" " ind2=" " tag="010"><subfield code="a">sn 82007370 </subfield></datafield><datafield ind1=" " ind2=" " tag="040"><subfield code="a">NSD</subfield><subfield code="b">eng</subfield><subfield code="c">NSD</subfield><subfield code="d">OCLCQ</subfield></datafield><datafield ind1=" " ind2=" " tag="012"><subfield code="m">1</subfield></datafield><datafield ind1="1" ind2=" " tag="022"><subfield code="a">0745-2284</subfield><subfield code="l">0745-2284</subfield><subfield code="2">1</subfield></datafield><datafield ind1=" " ind2=" " tag="032"><subfield code="a">684250</subfield><subfield code="b">USPS</subfield></datafield><datafield ind1=" " ind2=" " tag="042"><subfield code="a">nsdp</subfield></datafield><datafield ind1=" " ind2="4" tag="222"><subfield code="a">The Missouri unionist</subfield></datafield><datafield ind1="0" ind2="4" tag="245"><subfield code="a">The Missouri unionist :</subfield><subfield code="b">the official newspaper of the Missouri Federation of Teachers, AFT/AFL-CIO.</subfield></datafield><datafield ind1=" " ind2=" " tag="260"><subfield code="a">[St. Louis, MO :</subfield><subfield code="b">The Federation]</subfield></datafield><datafield ind1=" " ind2=" " tag="310"><subfield code="a">Quarterly</subfield></datafield><datafield ind1=" " ind2=" " tag="515"><subfield code="a">Publicatin suspended 1981.</subfield></datafield><datafield ind1=" " ind2=" " tag="588"><subfield code="a">Description based on: Vol. 4, no. 1 (Oct. 1982); title from caption.</subfield></datafield><datafield ind1="2" ind2=" " tag="710"><subfield code="a">Missouri Federation of Techers.</subfield></datafield><datafield ind1=" " ind2=" " tag="936"><subfield code="a">Oct. 1982</subfield></datafield><datafield ind1="1" ind2=" " tag="029"><subfield code="a">AU@</subfield><subfield code="b">000025804050</subfield></datafield></record>